1111111111111111111111111111111111111111111111111111111111111111  
2222222222222222222222222222222222222222222222222222222222222222
3333333333333333333333333333333333333333333333333333333333333333
4444444444444444444444444444444444444444444444444444444444444444
5555555555555555555555555555555555555555555555555555555555555555
6666666666666666666666666666666666666666666666666666666666666666
7777777777777777777777777777777777777777777777777777777777777777
8888888888888888888888888888888888888888888888888888888888888888
9999999999999999999999999999999999999999999999999999999999999999
AAAAAAAAAAAAAAAAAAAAAAAAAAAAAAAAAAAAAAAAAAAAAAAAAAAAAAAAAAAAAAAA
BBBBBBBBBBBBBBBBBBBBBBBBBBBBBBBBBBBBBBBBBBBBBBBBBBBBBBBBBBBBBBBB
CCCCCCCCCCCCCCCCCCCCCCCCCCCCCCCCCCCCCCCCCCCCCCCCCCCCCCCCCCCCCCCC
DDDDDDDDDDDDDDDDDDDDDDDDDDDDDDDDDDDDDDDDDDDDDDDDDDDDDDDDDDDDDDDD
EEEEEEEEEEEEEEEEEEEEEEEEEEEEEEEEEEEEEEEEEEEEEEEEEEEEEEEEEEEEEEEE
FFFFFFFFFFFFFFFFFFFFFFFFFFFFFFFFFFFFFFFFFFFFFFFFFFFFFFFFFFFFFFFF
1616161616161616161616161616161616161616161616161616161616161616
1717171717171717171717171717171717171717171717171717171717171717
1818181818181818181818181818181818181818181818181818181818181818
1919191919191919191919191919191919191919191919191919191919191919
2020202020202020202020202020202020202020202020202020202020202020
2121212121212121212121212121212121212121212121212121212121212121
2222222222222222222222222222222222222222222222222222222222222222
2323232323232323232323232323232323232323232323232323232323232323
2424242424242424242424242424242424242424242424242424242424242424
2525252525252525252525252525252525252525252525252525252525252525
2626262626262626262626262626262626262626262626262626262626262626
2727272727272727272727272727272727272727272727272727272727272727
2828282828282828282828282828282828282828282828282828282828282828
2929292929292929292929292929292929292929292929292929292929292929
3030303030303030303030303030303030303030303030303030303030303030
3131313131313131313131313131313131313131313131313131313131313131
3232323232323232323232323232323232323232323232323232323232323232